<?xml version="1.0" encoding="UTF-8"?><collection xmlns="http://www.loc.gov/MARC21/slim"><record><leader>00593nam--2200193-i-4500</leader><controlfield tag="001">000032450</controlfield><controlfield tag="002">20161230</controlfield><controlfield tag="005">20161230201039</controlfield><controlfield tag="008">060222s1000------------r-----000-0-eng-d</controlfield><datafield ind1=" " ind2=" " tag="020"><subfield code="a">0471041068</subfield></datafield><datafield ind1=" " ind2=" " tag="040"><subfield code="a">IFIN-HH</subfield></datafield><datafield ind1=" " ind2=" " tag="080"><subfield code="a">539.12.04:621.38-03</subfield></datafield><datafield ind1="1" ind2=" " tag="100"><subfield code="a">Van Lint, V.A.J</subfield></datafield><datafield ind1="1" ind2="0" tag="245"><subfield code="a">Mechanisms of radiation effects in electronic materials</subfield><subfield code="b">Volume 1</subfield><subfield code="c">V.a.j van lint, t.m. flanagan, r.e. leadon, j.a. naber, v.c. rogers</subfield></datafield><datafield ind1=" " ind2=" " tag="260"><subfield code="a">New York</subfield><subfield code="b">John Wiley &amp; Sons</subfield><subfield code="c">1980</subfield></datafield><datafield ind1=" " ind2=" " tag="300"><subfield code="a">XII+359P</subfield></datafield><datafield ind1="1" ind2=" " tag="700"><subfield code="a">Rogers, V.C</subfield></datafield><datafield ind1=" " ind2=" " tag="852"><subfield code="a">48907</subfield><subfield code="c">539.12.04</subfield></datafield><datafield ind1=" " ind2=" " tag="CAT"><subfield code="a">Sys</subfield><subfield code="c">20120210</subfield><subfield code="h">115217</subfield></datafield></record></collection>